@misc{magenta,
  author = {{\relax Google Brain Team}},
  title = {{\relax TensorFlow Magenta}},
  howpublished = "\\ \url{https://github.com/tensorflow/magenta}"}

@misc{imaginarysoundscape,
  author = {Yuma Kajihara, Shoya Dozono, Nao Tokui},
  title = {{\relax Imaginary Soundscape}},
  howpublished = "\\ \url{https://github.com/QosmoInc/ImaginarySoundscapeDemo}"}

@misc{heroku,
  author = {{\relax Heroku (Salesforce Subsidiary)}},
  title = {{\relax Heroku Cloud Service}},
  howpublished = "\\ \url{https://www.heroku.com/home}"}

@misc{recast,
  author = {{\relax Recast AI Team}},
  title = {{\relax Recast.ai Collaborative NLU Chatbot Platform}},
  howpublished = "\\ \url{https://recast.ai}"}

@article{kajiharaimaginary,
  title={Imaginary Soundscape: Cross-Modal Approach to Generate Pseudo Sound Environments},
  author={Kajihara, Yuma and Dozono, Shoya and Tokui, Nao}
}

@inproceedings{aytar2016soundnet,
  title={Soundnet: Learning sound representations from unlabeled video},
  author={Aytar, Yusuf and Vondrick, Carl and Torralba, Antonio},
  booktitle={Advances in Neural Information Processing Systems},
  year={2016}
}

@Book{nla.cat-vn250479,
  author = { Xenakis, Iannis, },
  title = { Formalized music : thought and mathematics in composition / Iannis Xenakis },
  edition = { Rev. ed. },
  isbn = { 0945193246 1576470792 },
  publisher = { Pendragon Press Stuyvesant, NY },
  year = { 1992 },
  type = { Book },
  language = { English },
  subjects = { Music -- 20th century -- Philosophy and aesthetics.; Composition (Music); Music theory.; Music -- 20th century -- History and criticism. },
}