@book{gerhard2003pitch,
  title={Pitch extraction and fundamental frequency: History and current techniques},
  author={Gerhard, David},
  year={2003},
  publisher={Department of Computer Science, University of Regina Regina, Canada}
}

@article{klapuri2004automatic,
  title={Automatic music transcription as we know it today},
  author={Klapuri, Anssi P},
  journal={Journal of New Music Research},
  volume={33},
  number={3},
  pages={269--282},
  year={2004},
  publisher={Taylor \& Francis}
}

@article{chang2017dilated,
  title={Dilated Recurrent Neural Networks},
  author={Chang, Shiyu and Zhang, Yang and Han, Wei and Yu, Mo and Guo, Xiaoxiao and Tan, Wei and Cui, Xiaodong and Witbrock, Michael and Hasegawa-Johnson, Mark and Huang, Thomas},
  journal={arXiv preprint arXiv:1710.02224},
  year={2017}
}

@inproceedings{eck2002finding,
  title={Finding temporal structure in music: Blues improvisation with LSTM recurrent networks},
  author={Eck, Douglas and Schmidhuber, Juergen},
  booktitle={Proceedings of the 12th IEEE workshop on neural networks for signal processing},
  pages={747--756},
  year={2002},
  organization={IEEE}
}

@article{huang2018improved,
  title={An improved relative self-attention mechanism for transformer with application to music generation},
  author={Huang, Cheng-Zhi Anna and Vaswani, Ashish and Uszkoreit, Jakob and Shazeer, Noam and Hawthorne, Curtis and Dai, Andrew M and Hoffman, Matthew D and Eck, Douglas},
  journal={arXiv preprint arXiv:1809.04281},
  year={2018}
}

@misc{libdlmusic,
  author = {Yann Bayle},
  title = {Deep Learning For Music Chronicle},
  howpublished = "\\ \url{https://github.com/ybayle/awesome-deep-learning-music}"}

@misc{deepsent,
  author = {Mu Chen},
  title = {\relax DeepSent},
  howpublished = "\url{https://github.com/muchen2/DeepSent}"
  }

@inproceedings{logan2000mel,
  title={Mel Frequency Cepstral Coefficients for Music Modeling.},
  author={Logan, Beth and others},
  booktitle={ISMIR},
  volume={270},
  pages={1--11},
  year={2000}
}

@misc{onsetsblog,
    author = {Curtis Hawthorne and Erich Elsen},
    title = {Onsets and Frames: Dual-Objective Piano Transcription},
    journal = {Magenta Blog},
    type = {Blog},
    year = {2018},
    howpublished = {\url{https://magenta.tensorflow.org/onsets-frames}}
}

@article{lipton2015critical,
  title={A critical review of recurrent neural networks for sequence learning},
  author={Lipton, Zachary C and Berkowitz, John and Elkan, Charles},
  journal={arXiv preprint arXiv:1506.00019},
  year={2015}
}

@article{yao2015depth,
  title={Depth-gated LSTM},
  author={Yao, Kaisheng and Cohn, Trevor and Vylomova, Katerina and Duh, Kevin and Dyer, Chris},
  journal={arXiv preprint arXiv:1508.03790},
  year={2015}
}

@inproceedings{dey2017gate,
  title={Gate-variants of gated recurrent unit (GRU) neural networks},
  author={Dey, Rahul and Salemt, Fathi M},
  booktitle={2017 IEEE 60th International Midwest Symposium on Circuits and Systems (MWSCAS)},
  pages={1597--1600},
  year={2017},
  organization={IEEE}
}

@article{russell1980circumplex,
  title={A circumplex model of affect.},
  author={Russell, James A},
  journal={Journal of personality and social psychology},
  volume={39},
  number={6},
  pages={1161},
  year={1980},
  publisher={American Psychological Association}
}

@misc{mido,
  author = {Ole Martin Bj√∏rndalen and Rapolas Binkys},
  title = {Mido Python Package},
  howpublished = "\\ \url{https://mido.readthedocs.io/en/latest/index.html}"
}

@misc{pytorchlstm,
  author = {\relax PyTorch},
  title = {\relax {PyTorch Implementation of an LSTM}},
  howpublished = "\\ \url{https://pytorch.org/docs/stable/nn.html#lstm}"
}

@misc{pytorchgru,
  author = {\relax PyTorch},
  title = {\relax {PyTorch Implementation of a GRU}},
  howpublished = "\\ \url{https://pytorch.org/docs/stable/nn.html#gru}"
}

@inproceedings{paszke2017automatic,
  title={Automatic differentiation in PyTorch},
  author={Paszke, Adam and Gross, Sam and Chintala, Soumith and Chanan, Gregory and Yang, Edward and DeVito, Zachary and Lin, Zeming and Desmaison, Alban and Antiga, Luca and Lerer, Adam},
  booktitle={NIPS-W},
  year={2017}
}

@article{gers1999learning,
  title={Learning to forget: Continual prediction with LSTM},
  author={Gers, Felix A and Schmidhuber, J{\"u}rgen and Cummins, Fred},
  year={1999},
  publisher={IET}
}

@article{greff2017lstm,
  title={LSTM: A search space odyssey},
  author={Greff, Klaus and Srivastava, Rupesh K and Koutn{\'\i}k, Jan and Steunebrink, Bas R and Schmidhuber, J{\"u}rgen},
  journal={IEEE transactions on neural networks and learning systems},
  volume={28},
  number={10},
  pages={2222--2232},
  year={2017},
  publisher={IEEE}
}

@inproceedings{sak2014long,
  title={Long short-term memory recurrent neural network architectures for large scale acoustic modeling},
  author={Sak, Ha{\c{s}}im and Senior, Andrew and Beaufays, Fran{\c{c}}oise},
  booktitle={Fifteenth annual conference of the international speech communication association},
  year={2014}
}

@article{cho2014learning,
  title={Learning phrase representations using RNN encoder-decoder for statistical machine translation},
  author={Cho, Kyunghyun and Van Merri{\"e}nboer, Bart and Gulcehre, Caglar and Bahdanau, Dzmitry and Bougares, Fethi and Schwenk, Holger and Bengio, Yoshua},
  journal={arXiv preprint arXiv:1406.1078},
  year={2014}
}

@article{graves2013generating,
  title={Generating sequences with recurrent neural networks},
  author={Graves, Alex},
  journal={arXiv preprint arXiv:1308.0850},
  year={2013}
}

@inproceedings{zebin2018human,
  title={Human activity recognition from inertial sensor time-series using batch normalized deep LSTM recurrent networks},
  author={Zebin, Tahmina and Sperrin, Matthew and Peek, Niels and Casson, Alexander J},
  booktitle={2018 40th Annual International Conference of the IEEE Engineering in Medicine and Biology Society (EMBC)},
  pages={1--4},
  year={2018},
  organization={IEEE}
}

@techreport{radford2018language,
  title={Language models are unsupervised multitask learners},
  author={Radford, Alec and Wu, Jeffrey and Child, Rewon and Luan, David and Amodei, Dario and Sutskever, Ilya}
}

@misc{performance-rnn-2017,
    author = {Ian Simon and Sageev Oore},
    title = {Performance RNN: Generating Music with Expressive Timing and Dynamics},
    journal = {Magenta Blog},
    type = {Blog},
    year = {2017},
    howpublished = {\url{https://magenta.tensorflow.org/performance-rnn}}
}

@article{werbos1990backpropagation,
  title={Backpropagation through time: what it does and how to do it},
  author={Werbos, Paul J and others},
  journal={Proceedings of the IEEE},
  volume={78},
  number={10},
  pages={1550--1560},
  year={1990}
}

@article{boulanger2012modeling,
  title={Modeling temporal dependencies in high-dimensional sequences: Application to polyphonic music generation and transcription},
  author={Boulanger-Lewandowski, Nicolas and Bengio, Yoshua and Vincent, Pascal},
  journal={arXiv preprint arXiv:1206.6392},
  year={2012}
}

@inproceedings{johnson2017generating,
  title={Generating polyphonic music using tied parallel networks},
  author={Johnson, Daniel D},
  booktitle={International conference on evolutionary and biologically inspired music and art},
  pages={128--143},
  year={2017},
  organization={Springer}
}

@inproceedings{vohra2015modeling,
  title={Modeling temporal dependencies in data using a DBN-LSTM},
  author={Vohra, Raunaq and Goel, Kratarth and Sahoo, JK},
  booktitle={2015 IEEE International Conference on Data Science and Advanced Analytics (DSAA)},
  pages={1--4},
  year={2015},
  organization={IEEE}
}

@inproceedings{oliva2017statistical,
  title={The statistical recurrent unit},
  author={Oliva, Junier B and P{\'o}czos, Barnab{\'a}s and Schneider, Jeff},
  booktitle={Proceedings of the 34th International Conference on Machine Learning-Volume 70},
  pages={2671--2680},
  year={2017},
  organization={JMLR. org}
}

@article{baum1966,
  author = "Baum, Leonard E. and Petrie, Ted",
  doi = "10.1214/aoms/1177699147",
  fjournal = "The Annals of Mathematical Statistics",
  journal = "Ann. Math. Statist.",
  month = "12",
  number = "6",
  pages = "1554--1563",
  publisher = "The Institute of Mathematical Statistics",
  title = "Statistical Inference for Probabilistic Functions of Finite State Markov Chains",
  url = "https://doi.org/10.1214/aoms/1177699147",
  volume = "37",
  year = "1966"
}

@misc{waon,
    author = {Kengo Ichiki},
    title = {\relax WaoN: A Wave-to-Notes Transcriber},
    howpublished = {\url{http://waon.sourceforge.net}}
}

@book{nierhaus2009algorithmic,
  title={Algorithmic composition: paradigms of automated music generation},
  author={Nierhaus, Gerhard},
  year={2009},
  publisher={Springer Science \& Business Media}
}

@article{luque2009stochastic,
  title={The stochastic synthesis of Iannis Xenakis},
  author={Luque, Sergio},
  journal={Leonardo Music Journal},
  pages={77--84},
  year={2009},
  publisher={MIT Press}
}

@article{dai2018music,
  title={Music Style Transfer: A Position Paper},
  author={Dai, Shuqi and Zhang, Zheng and Xia, Gus G},
  journal={arXiv preprint arXiv:1803.06841},
  year={2018}
}

@article{deng2014deep,
  title={Deep learning: methods and applications},
  author={Deng, Li and Yu, Dong and others},
  journal={Foundations and Trends{\textregistered} in Signal Processing},
  volume={7},
  number={3--4},
  pages={197--387},
  year={2014},
  publisher={Now Publishers, Inc.}
}

@article{najafabadi2015deep,
  title={Deep learning applications and challenges in big data analytics},
  author={Najafabadi, Maryam M and Villanustre, Flavio and Khoshgoftaar, Taghi M and Seliya, Naeem and Wald, Randall and Muharemagic, Edin},
  journal={Journal of Big Data},
  volume={2},
  number={1},
  pages={1},
  year={2015},
  publisher={SpringerOpen}
}

@book{goodfellow2016deep,
  title={Deep learning},
  author={Goodfellow, Ian and Bengio, Yoshua and Courville, Aaron},
  year={2016},
  publisher={MIT press}
}

@article{sarnatskyi2017music,
  title={Music Transcription by Deep Learning with Data and" Artificial Semantic" Augmentation},
  author={Sarnatskyi, Vladyslav and Ovcharenko, Vadym and Tkachenko, Mariia and Stirenko, Sergii and Gordienko, Yuri and Rojbi, Anis},
  journal={arXiv preprint arXiv:1712.03228},
  year={2017}
}

@misc{ccarh,
  title={\relax Centre for Computer Assisted Research in the Humanities},
  author={\relax Stanford University},
  howpublished = {\\ \url{http://www.ccarh.org}}
}

@misc{sturm2018let,
  title={Let‚Äôs Have Another Gan Ainm: An experimental album of Irish traditional music and computer-generated tunes},
  author={Sturm, Bob and Ben-Tal, Oded},
  year={2018}
}

@article{pascanu2012understanding,
  title={Understanding the exploding gradient problem},
  author={Pascanu, Razvan and Mikolov, Tomas and Bengio, Yoshua},
  journal={CoRR, abs/1211.5063},
  volume={2},
  year={2012}
}

@book{cope1996experiments,
  title={Experiments in musical intelligence},
  author={Cope, David and Mayer, Melanie J},
  volume={12},
  year={1996},
  publisher={AR editions Madison}
}

@inproceedings{cruz1998learning,
  title={Learning regular grammars to model musical style: Comparing different coding schemes},
  author={Cruz-Alc{\'a}zar, Pedro P and Vidal-Ruiz, Enrique},
  booktitle={International Colloquium on Grammatical Inference},
  pages={211--222},
  year={1998},
  organization={Springer}
}

@article{ebciouglu1988expert,
  title={An expert system for harmonizing four-part chorales},
  author={Ebcio{\u{g}}lu, Kemal},
  journal={Computer Music Journal},
  volume={12},
  number={3},
  pages={43--51},
  year={1988},
  publisher={JSTOR}
}

@inproceedings{spangler1998bach,
  title={Bach in a box-real-time harmony},
  author={Spangler, Randall R and Goodman, Rodney M and Hawkins, Jim},
  booktitle={Advances in Neural Information Processing Systems},
  pages={957--963},
  year={1998}
}

@inproceedings{brunner2017jambot,
  title={JamBot: Music theory aware chord based generation of polyphonic music with LSTMs},
  author={Brunner, Gino and Wang, Yuyi and Wattenhofer, Roger and Wiesendanger, Jonas},
  booktitle={2017 IEEE 29th International Conference on Tools with Artificial Intelligence (ICTAI)},
  pages={519--526},
  year={2017},
  organization={IEEE}
}

@article{kotecha2018generating,
  title={Generating Music using an LSTM Network},
  author={Kotecha, Nikhil and Young, Paul},
  journal={arXiv preprint arXiv:1804.07300},
  year={2018}
}

@article{colombo2018bachprop,
  title={BachProp: Learning to Compose Music in Multiple Styles},
  author={Colombo, Florian and Gerstner, Wulfram},
  journal={arXiv preprint arXiv:1802.05162},
  year={2018}
}

@article{graves2014neural,
  title={Neural turing machines},
  author={Graves, Alex and Wayne, Greg and Danihelka, Ivo},
  journal={arXiv preprint arXiv:1410.5401},
  year={2014}
}

@inproceedings{roberts2017hierarchical,
  title={Hierarchical variational autoencoders for music},
  author={Roberts, Adam and Engel, Jesse and Eck, Douglas},
  booktitle={NIPS Workshop on Machine Learning for Creativity and Design},
  year={2017}
}

@article{roberts2018hierarchical,
  title={A hierarchical latent vector model for learning long-term structure in music},
  author={Roberts, Adam and Engel, Jesse and Raffel, Colin and Hawthorne, Curtis and Eck, Douglas},
  journal={arXiv preprint arXiv:1803.05428},
  year={2018}
}

@inproceedings{sutskever2009recurrent,
  title={The recurrent temporal restricted boltzmann machine},
  author={Sutskever, Ilya and Hinton, Geoffrey E and Taylor, Graham W},
  booktitle={Advances in neural information processing systems},
  pages={1601--1608},
  year={2009}
}

@article{uria2016neural,
  title={Neural autoregressive distribution estimation},
  author={Uria, Benigno and C{\^o}t{\'e}, Marc-Alexandre and Gregor, Karol and Murray, Iain and Larochelle, Hugo},
  journal={The Journal of Machine Learning Research},
  volume={17},
  number={1},
  pages={7184--7220},
  year={2016},
  publisher={JMLR. org}
}

@article{doi10108001431160802549278,
author = { D.   Stathakis },
title = {How many hidden layers and nodes?},
journal = {International Journal of Remote Sensing},
volume = {30},
number = {8},
pages = {2133-2147},
year  = {2009},
publisher = {Taylor & Francis},
doi = {10.1080/01431160802549278},
URL = {https://doi.org/10.1080/01431160802549278},
eprint = {https://doi.org/10.1080/01431160802549278}
}

@article{kingma2014adam,
  title={Adam: A method for stochastic optimization},
  author={Kingma, Diederik P and Ba, Jimmy},
  journal={arXiv preprint arXiv:1412.6980},
  year={2014}
}

@misc{specification,
  author = {Harrison Wilde},
  title = {Composing Soundscapes Using Neural Networks and Sentimental Input},
  journal = {Project Specification}
}

@misc{magenta,
  author = {{\relax Google Brain Team}},
  title = {{\relax TensorFlow Magenta}},
  howpublished = "\url{https://github.com/tensorflow/magenta}"}

@misc{imaginarysoundscape,
  author = {Yuma Kajihara, Shoya Dozono, Nao Tokui},
  title = {{\relax Imaginary Soundscape}},
  howpublished = "\\ \url{https://github.com/QosmoInc/ImaginarySoundscapeDemo}"}


@article{sigtia2016end,
  title={An end-to-end neural network for polyphonic piano music transcription},
  author={Sigtia, Siddharth and Benetos, Emmanouil and Dixon, Simon},
  journal={IEEE/ACM Transactions on Audio, Speech, and Language Processing},
  volume={24},
  number={5},
  pages={927--939},
  year={2016},
  publisher={IEEE}
}

@article{nayebi2015gruv,
  title={Gruv: Algorithmic music generation using recurrent neural networks},
  author={Nayebi, Aran and Vitelli, Matt},
  journal={Course CS224D: Deep Learning for Natural Language Processing (Stanford)},
  year={2015}
}

@misc{recast,
  author = {{\relax Recast AI Team}},
  title = {{\relax Recast.ai Collaborative NLU Chatbot Platform}},
  howpublished = "\\ \url{https://recast.ai}"}

@article{kajiharaimaginary,
  title={Imaginary Soundscape: Cross-Modal Approach to Generate Pseudo Sound Environments},
  author={Kajihara, Yuma and Dozono, Shoya and Tokui, Nao}
}

@inproceedings{aytar2016soundnet,
  title={Soundnet: Learning sound representations from unlabeled video},
  author={Aytar, Yusuf and Vondrick, Carl and Torralba, Antonio},
  booktitle={Advances in Neural Information Processing Systems},
  year={2016}
}

@Book{nla.cat-vn250479,
  author = { Xenakis, Iannis, },
  title = { Formalized music : thought and mathematics in composition / Iannis Xenakis },
  edition = { Rev. ed. },
  isbn = { 0945193246 1576470792 },
  publisher = { Pendragon Press Stuyvesant, NY },
  year = { 1992 },
  type = { Book },
  language = { English },
  subjects = { Music -- 20th century -- Philosophy and aesthetics.; Composition (Music); Music theory.; Music -- 20th century -- History and criticism. },
}

@misc{warwickcomputenodes,
  author = {{\relax Warwick University}},
  title = {{\relax Compute Nodes}},
  howpublished = "\\ \url{https://warwick.ac.uk/fac/sci/dcs/intranet/user_guide/compute_nodes}"}

@misc{mediumkylemcdonald,
  author = {Kyle McDonald},
  title = {Neural Nets for Generating Music},
  howpublished = "\\ \url{https://medium.com/artists-and-machine-intelligence/neural-nets-for-generating-music-f46dffac21c0}"}

@misc{karpathy,
  author = {Andrej Karpathy},
  title = {The Unreasonable Effectiveness of Recurrent Neural Networks},
  howpublished = "\\ \url{http://karpathy.github.io/2015/05/21/rnn-effectiveness/}"}

@misc{alextavgen,
  author = {Alex Tavgen},
  title = {How we Made Music Using Neural Networks},
  howpublished = "\\ \url{https://medium.com/@ATavgen/how-we-made-music-using-neural-networks-449a62b8a332}"}

@INPROCEEDINGS{Bertin-Mahieux2011,
  author = {Thierry Bertin-Mahieux and Daniel P.W. Ellis and Brian Whitman and Paul Lamere},
  title = {The Million Song Dataset},
  booktitle = {{Proceedings of the 12th International Conference on Music Information
  Retrieval ({ISMIR} 2011)}},
  year = {2011},
  owner = {thierry},
  timestamp = {2010.03.07}
}

@article{chung2014empirical,
  title={Empirical evaluation of gated recurrent neural networks on sequence modeling},
  author={Chung, Junyoung and Gulcehre, Caglar and Cho, KyungHyun and Bengio, Yoshua},
  journal={arXiv preprint arXiv:1412.3555},
  year={2014}
}

@incollection{NIPS2015_5655,
title = {Deep Temporal Sigmoid Belief Networks for Sequence Modeling},
author = {Gan, Zhe and Li, Chunyuan and Henao, Ricardo and Carlson, David E and Carin, Lawrence},
booktitle = {Advances in Neural Information Processing Systems 28},
editor = {C. Cortes and N. D. Lawrence and D. D. Lee and M. Sugiyama and R. Garnett},
pages = {2467--2475},
year = {2015},
publisher = {Curran Associates, Inc.},
url = {http://papers.nips.cc/paper/5655-deep-temporal-sigmoid-belief-networks-for-sequence-modeling.pdf}
}

@inproceedings{Nayebi2015GRUVA,
  title={GRUV : Algorithmic Music Generation using Recurrent Neural Networks},
  author={Aran Nayebi and Matt Vitelli},
  year={2015}
}

@misc{oord2016wavenet,
    title={WaveNet: A Generative Model for Raw Audio},
    author={Aaron van den Oord and Sander Dieleman and Heiga Zen and Karen Simonyan and Oriol Vinyals and Alex Graves and Nal Kalchbrenner and Andrew Senior and Koray Kavukcuoglu},
    year={2016},
    eprint={1609.03499},
    archivePrefix={arXiv},
    primaryClass={cs.SD}
}

@article{yu2015multi,
  title={Multi-scale context aggregation by dilated convolutions},
  author={Yu, Fisher and Koltun, Vladlen},
  journal={arXiv preprint arXiv:1511.07122},
  year={2015}
}

@misc{markovcomposer,
  author = {\relax anbud},
  title = {Markov Composer (Java Application)},
  howpublished = "\\ \url{https://github.com/anbud/MarkovComposer}"}



@misc{melodyne,
  author = {\relax Celemony},
  title = {Melodyne},
  howpublished = "\\ \url{https://www.celemony.com/en/melodyne/what-is-melodyne}"}

@misc{magentamodels,
  author = {{\relax Google Brain Team}},
  title = {{\relax Magenta - Collection of Model Architectures}},
  howpublished = "\\ \url{https://github.com/tensorflow/magenta/tree/master/magenta/models/}"}

@article{hawthorne2017onsets,
  title={Onsets and frames: Dual-objective piano transcription},
  author={Hawthorne, Curtis and Elsen, Erich and Song, Jialin and Roberts, Adam and Simon, Ian and Raffel, Colin and Engel, Jesse and Oore, Sageev and Eck, Douglas},
  journal={arXiv preprint arXiv:1710.11153},
  year={2017}
}

@misc{maestro2018,
    Author = {Curtis Hawthorne and Andriy Stasyuk and Adam Roberts and Ian Simon
              and Cheng-Zhi Anna Huang and Sander Dieleman and Erich Elsen and
              Jesse Engel and Douglas Eck},
    Title = {Enabling Factorized Piano Music Modeling and Generation with the
             MAESTRO Dataset},
    Journal = {arXiv preprint arXiv:1810.12247},
    Year = {2018},
}

@inproceedings{sommer2014towards,
  title={Towards a Machine Learning Based Control of Musical Synthesizers in Real-Time Live Performance},
  author={Sommer, Nathan and Ralescu, Anca},
  booktitle={Proc. of the 25th Modern Artificial Intelligence and Cognitive Science Conf., Spokane, Washington, USA},
  pages={61--67},
  year={2014}
}

@misc{asimovinst,
  author = {Frank Brinkkemper},
  title = {{\relax Analysing Six Deep Learning Tools for Music Generation}},
  howpublished = "\\ \url{http://www.asimovinstitute.org/analyzing-deep-learning-tools-music/}"
}

@misc{mkofler,
  author = {Matteo Kofler},
  title = {{\relax Deep Learning with TensorFlow}},
  howpublished = "\\ \url{https://towardsdatascience.com/deep-learning-with-tensorflow-part-3-music-and-text-generation-8a3fbfdc5e9b}"
}

@misc{fiala,
  author = {\relax Fiala},
  title = {{\relax Generating Audio with Deep Learning}},
  howpublished = "\\ \url{http://fiala.uk/notes/deep-learning-and-sound-02-generating-audio}"
}

@article{wyse2018real,
  title={Real-valued parametric conditioning of an RNN for interactive sound synthesis},
  author={Wyse, Lonce},
  journal={arXiv preprint arXiv:1805.10808},
  year={2018}
}

@misc{mehri2016samplernn,
  title={SampleRNN: An Unconditional End-to-End Neural Audio Generation Model},
  author={Soroush Mehri and Kundan Kumar and Ishaan Gulrajani and Rithesh Kumar and Shubham Jain and Jose Sotelo and Aaron Courville and Yoshua Bengio},
  year={2016},
  eprint={1612.07837},
  archivePrefix={arXiv},
  primaryClass={cs.SD}
}

@misc{kim2016deepjazz,
  title={DeepJazz},
  author={Kim, Ji-Sung},
  year={2016},
  howpublished = {\url{https://github.com/jisungk/deepjazz}},
}

@article{hilschermusic,
  title={Music Generation from MIDI datasets},
  author={Hilscher, Moritz and Shahroudi, Novin}
}

@misc{metacreation,
  title = {\relax Metacreation Lab},
  author = {\relax Metacreation Lab},
  howpublished = "\url{http://metacreation.net/corpus-1/}"
}

@article{bereketai,
  title={An AI Approach to Automatic Natural Music Transcription},
  author={Bereket, Michael and Shi, Karey}
}

@article{yang2017midinet,
  title={MidiNet: A convolutional generative adversarial network for symbolic-domain music generation},
  author={Yang, Li-Chia and Chou, Szu-Yu and Yang, Yi-Hsuan},
  journal={arXiv preprint arXiv:1703.10847},
  year={2017}
}